@MISC{WEBSITE:1,
	HOWPUBLISHED = "\url{https://en.wikipedia.org/wiki/Reverse_engineering}",
	AUTHOR = "Wikipedia",
	TITLE = "Reverse engineering",
	MONTH = "September",
	YEAR = "2019",
	NOTE = "Accessed on 2020-1-30"
}

@MISC{WEBSITE:2,
	HOWPUBLISHED = "\url{https://www.geeksforgeeks.org/software-re-engineering/}",
	AUTHOR = "anonymous007",
	TITLE = "Software Re-Engineering",
	MONTH = "September",
	YEAR = "2019",
	NOTE = "Accessed on 2020-1-30"
}

@MISC{WEBSITE:3,
	HOWPUBLISHED = "\url{https://en.wikipedia.org/wiki/Hex_editor}",
	AUTHOR = "Wikipedia",
	TITLE = "Hex Editor",
	MONTH = "September",
	YEAR = "2019",
	NOTE = "Accessed on 2020-1-30"
}

@MISC{WEBSITE:4,
	HOWPUBLISHED = "\url{https://en.wikipedia.org/wiki/Debugger}",
	AUTHOR = "Wikipedia",
	TITLE = "Debugger",
	MONTH = "September",
	YEAR = "2019",
	NOTE = "Accessed on 2020-1-30"
}

@MISC{WEBSITE:5,
	HOWPUBLISHED = "\url{https://en.wikipedia.org/wiki/Disassembler}",
	AUTHOR = "Wikipedia",
	TITLE = "Disassembler",
	MONTH = "September",
	YEAR = "2019",
	NOTE = "Accessed on 2020-1-30"
}

@MISC{WEBSITE:6,
	HOWPUBLISHED = "\url{https://en.wikipedia.org/wiki/Decompiler}",
	AUTHOR = "Wikipedia",
	TITLE = "Decompiler",
	MONTH = "September",
	YEAR = "2019",
	NOTE = "Accessed on 2020-1-30"
}

@MISC{WEBSITE:7,
	HOWPUBLISHED = "\url{https://en.wikipedia.org/wiki/Patch_(computing)}",
	AUTHOR = "Wikipedia",
	TITLE = "Patch",
	MONTH = "September",
	YEAR = "2019",
	NOTE = "Accessed on 2020-1-30"
}

@MISC{WEBSITE:8,
	HOWPUBLISHED = "\url{https://en.wikipedia.org/wiki/File_archiver}",
	AUTHOR = "Wikipedia",
	TITLE = "File archiver",
	MONTH = "September",
	YEAR = "2019",
	NOTE = "Accessed on 2020-1-30"
}

@MISC{WEBSITE:9,
	HOWPUBLISHED = "\url{https://en.wikipedia.org/wiki/Static_program_analysis}",
	AUTHOR = "Wikipedia",
	TITLE = "Analyzer",
	MONTH = "September",
	YEAR = "2019",
	NOTE = "Accessed on 2020-1-30"
}

@MISC{WEBSITE:10,
	HOWPUBLISHED = "\url{https://en.wikipedia.org/wiki/Obfuscation_(software)}",
	AUTHOR = "Wikipedia",
	TITLE = "Obfuscation (software)",
	MONTH = "September",
	YEAR = "2019",
	NOTE = "Accessed on 2020-1-30"
}
